@InProceedings{godahewa2021monash,
              author = "Godahewa, Rakshitha and Bergmeir, Christoph and Webb, Geoffrey I. and Hyndman, Rob J. and Montero-Manso, Pablo",
              title = "Monash Time Series Forecasting Archive",
              booktitle = "Neural Information Processing Systems Track on Datasets and Benchmarks",
              year = "2021"
            }
